<record><leader>00000cas a22000007a 4500</leader><controlfield tag="001">17545285</controlfield><controlfield tag="008">880226d19531954lauwr ne      0    0eng d</controlfield><datafield ind1=" " ind2=" " tag="010"><subfield code="a">sn 88064193 </subfield></datafield><datafield ind1=" " ind2=" " tag="040"><subfield code="a">LNP</subfield><subfield code="b">eng</subfield><subfield code="c">LNP</subfield><subfield code="d">OCLCQ</subfield></datafield><datafield ind1=" " ind2=" " tag="042"><subfield code="a">msc</subfield></datafield><datafield ind1="0" ind2=" " tag="130"><subfield code="a">Dispatch (Delhi, La.)</subfield></datafield><datafield ind1="1" ind2="4" tag="245"><subfield code="a">The Dispatch.</subfield></datafield><datafield ind1="1" ind2="3" tag="246"><subfield code="a">Delhi dispatch</subfield></datafield><datafield ind1=" " ind2=" " tag="260"><subfield code="a">Delhi, La. :</subfield><subfield code="b">Charles J. Wyly</subfield></datafield><datafield ind1=" " ind2=" " tag="310"><subfield code="a">Weekly</subfield></datafield><datafield ind1="0" ind2=" " tag="362"><subfield code="a">Vol. 19, no. 22 (Feb. 11, 1953)-</subfield></datafield><datafield ind1="1" ind2=" " tag="362"><subfield code="a">Ceased in 1954?</subfield></datafield><datafield ind1=" " ind2=" " tag="752"><subfield code="a">United States</subfield><subfield code="b">Louisiana</subfield><subfield code="c">Richland</subfield><subfield code="d">Delhi.</subfield></datafield><datafield ind1="0" ind2="0" tag="780"><subfield code="t">Delhi dispatch (Delhi, La. : 1934)</subfield><subfield code="w">(DLC)sn 88064194</subfield></datafield><datafield ind1="0" ind2="0" tag="785"><subfield code="t">Delhi dispatch (Delhi, La. : 1954)</subfield><subfield code="w">(DLC)sn 88064195</subfield></datafield></record>